@article{turing1936a,
  added-at = {2014-03-17T15:41:01.000+0100},
  annote = {Turing's famous demonstration of the formal limits on computation based on a proof that the {\em halting problem} is undecidable.},
  author = {Turing, Alan M.},
  biburl = {https://www.bibsonomy.org/bibtex/2b51d7b5c67fb98e0117bc176ee5fd5cf/fibso},
  interhash = {8ac1f5e961ff74849ab6f0c7348b9c9c},
  intrahash = {b51d7b5c67fb98e0117bc176ee5fd5cf},
  journal = {Proceedings of the London Mathematical Society},
  keywords = {halting},
  number = 42,
  pages = {230--265},
  timestamp = {2014-03-17T15:41:01.000+0100},
  title = {On Computable Numbers, with an Application to the {E}ntscheidungsproblem},
  url = {https://people.math.ethz.ch/~halorenz/4students/Literatur/TuringFullText.pdf},
  volume = 2,
  year = 1936
}


@ARTICLE{vonneuman1945a,
  author={von Neumann, J.},
  journal={IEEE Annals of the History of Computing}, 
  title={First draft of a report on the EDVAC}, 
  year={1993},
  volume={15},
  number={4},
  keywords={Laboratories;History;Forward contracts;Proposals;Mathematics;Physics computing;Engines;Pain;Electrical engineering;Statistics},
  doi={10.1109/85.238389}
}


@book{malvino1983a, place={New York u.a.}, title={Digital computer electronics an introd. to microcomputers Albert Paul Malvino}, publisher={Gregg Division, McGraw-Hill}, author={Malvino, Albert Paul}, year={1983}, pages={173-194}} 
